@book{Cliff1981,
author = {Cliff, A D and Haggett, P and Ord, J K and Versey, G R},
booktitle = {Journal of Biosocial Science},
isbn = {978-0521228404},
issn = {0021-9320},
month = jul,
number = {02},
publisher = {Cambridge University Press},
title = {{Spatial Diffusion: An Historical Geography of Epidemics in an Island Community}},
volume = {16},
year = {1981}
}
